 @book{Campbell_2017, 
 title={Financial decisions and markets: A course in asset pricing}, 
 publisher={Princeton University Press}, 
 author={Campbell, John Y}, 
 year={2017}
 }
 
 @book{Gollier_2001, title={The economics of risk and time}, 
 publisher={The MIT Press}, 
 author={Gollier, Christian}, 
 year={2001} 
 }

 @book{Ingersoll_1987, 
 title={Theory of financial decision making}, 
 publisher={Rowman and Littlefield}, 
 author={Ingersoll, Jonathan E. Jr.}, 
 year={1987} 
 }
 @article{Black_1972, 
 title={Capital market equilibrium with restricted borrowing}, 
 volume={45}, 
 number={3}, 
 journal={The Journal of Business}, 
 author={Black, Fischer}, 
 year={1972}, 
 pages={444-455} 
 }
 
 @article{Ross_1976, 
title={The arbitrage theory of capital asset pricing},
volume={13}, 
number={3}, 
journal={Journal of Economic Theory}, 
author={Ross, Stephen}, 
year={1976}, 
pages={341-360} 
}

 @article{Treynor_Black_1973, 
 title={How to use security analysis to improve portfolio selection}, 
 volume={46}, 
 number={1}, 
 journal={The Journal of Business}, 
 author={Treynor, Jack L. and Black, Fischer}, 
 year={1973}, 
 pages={66-86}
 }

 @article{Black_Litterman_1992, 
 title={Global portfolio optimization}, 
 volume={48},
 number={5}, 
 journal={Financial Analysts Journal}, 
 author={Black, Fischer and Litterman, Robert}, 
 year={1992}, 
 pages={28-43} 
 }

@article{Banz1981,
  title = {The Relationship between Return and Market Value of Common Stocks},
  author = {Banz, Rolf W.},
  year = {1981},
  journal = {Journal of Financial Economics},
  volume = {9},
  number = {1},
  pages = {3-18},
}

@article{Keim1983,
  title = {Size-Related Anomalies and Stock Return Seasonality: {{Further}} Empirical Evidence},
  author = {Keim, Donald B.},
  year = {1983},
  month = jun,
  journal = {Journal of Financial Economics},
  volume = {12},
  number = {1},
  pages = {13-32}
}

@article{Reinganum1983,
  title = {The Anomalous Stock Market Behavior of Small Firms in {{January}}: {{Empirical}} Tests for Tax-Loss Selling Effects},
  author = {Reinganum, Marc R.},
  year = {1983},
  month = jun,
  journal = {Journal of Financial Economics},
  volume = {12},
  number = {1},
  pages = {89-104}
}

@article{Asness2018,
  title = {Size Matters, {If} You Control Your Junk},
  author = {Asness, Clifford and Frazzini, Andrea and Israel, Ronen and Moskowitz, Tobias J. and Pedersen, Lasse H.},
  year = {2018},
  journal = {Journal of Financial Economics},
  volume = {129},
  number = {3},
  pages = {479-509}
}



