 @book{Campbell_2017, title={Financial decisions and markets: A course in asset pricing}, publisher={Princeton University Press}, author={Campbell, John Y}, year={2017} }
